@article{Doe2022,
  title={A paper},
  author={John Doe},
  journal={The Journal},
  year={2022}
}